@article{schroeder_sound_2015,
  title={The Sound of Intellect: Speech Reveals a Thoughtful Mind, Increasing a Job Candidate's Appeal},
  author={Schroeder, Juliana and Epley, Nicholas},
  journal={Psychological Science},
  volume={26},
  number={6},
  pages={877--891},
  year={2015},
  publisher={SAGE Publications Sage CA: Los Angeles, CA}
}
